<?xml version='1.0' encoding='UTF-8'?>
<record xmlns="http://www.loc.gov/MARC21/slim">
  <leader>01800cam a2200409 a 4500</leader>
  <controlfield tag="001">890206</controlfield>
  <controlfield tag="003">NjP</controlfield>
  <controlfield tag="005">20170905104955.0</controlfield>
  <controlfield tag="008">940603m19871989ir       b    000 0 ara  </controlfield>
  <datafield tag="024" ind1="7" ind2=" ">
    <subfield code="a">princeton_aco001650</subfield>
    <subfield code="2">local</subfield>
  </datafield>
  <datafield ind1=" " ind2=" " tag="010">
    <subfield code="a">   92933662 </subfield>
  </datafield>
  <datafield ind1=" " ind2=" " tag="035">
    <subfield code="a">(OCoLC)ocn176462272</subfield>
  </datafield>
  <datafield ind1=" " ind2=" " tag="035">
    <subfield code="a">(OCoLC)28683632</subfield>
  </datafield>
  <datafield ind1=" " ind2=" " tag="035">
    <subfield code="a">890206</subfield>
  </datafield>
  <datafield ind1=" " ind2=" " tag="040">
    <subfield code="a">DLC-R</subfield>
    <subfield code="c">PUL</subfield>
    <subfield code="d">PUL</subfield>
  </datafield>
  <datafield ind1=" " ind2=" " tag="035">
    <subfield code="a">(OCoLC)176462272</subfield>
  </datafield>
  <datafield ind1=" " ind2=" " tag="035">
    <subfield code="a">(CStRLIN)NJPG94-B31972</subfield>
  </datafield>
  <datafield ind1=" " ind2=" " tag="035">
    <subfield code="9">CBE0195TS</subfield>
  </datafield>
  <datafield ind1=" " ind2=" " tag="035">
    <subfield code="a">(NjP)890206</subfield>
  </datafield>
  <datafield ind1="0" ind2="0" tag="050">
    <subfield code="a">LAW &lt;ISLAM 7 Shah 1989&gt;</subfield>
  </datafield>
  <datafield ind1=" " ind2=" " tag="079">
    <subfield code="a">ocm28683632</subfield>
  </datafield>
  <datafield ind1=" " ind2=" " tag="049">
    <subfield code="a">PULL</subfield>
  </datafield>
  <datafield ind1="1" ind2=" " tag="100">
    <subfield code="6">880-01</subfield>
    <subfield code="a">Shāhrūdī, ʻAlī al-Ḥusaynī.</subfield>
  </datafield>
  <datafield ind1="1" ind2="0" tag="245">
    <subfield code="6">880-02</subfield>
    <subfield code="a">Muḥāḍarāt fī al-fiqh al-Jaʻfarī :</subfield>
    <subfield code="b">al-makāsib al-muḥarramah : taqrīran li-abḥāth ... Abū al-Qāsim al-Khūʼī /</subfield>
    <subfield code="c">bi-qalam ʻAlī al-Ḥusaynī al-Shāhrūdī.</subfield>
  </datafield>
  <datafield ind1=" " ind2=" " tag="250">
    <subfield code="6">880-03</subfield>
    <subfield code="a">al-Ṭabʻah 1.</subfield>
  </datafield>
  <datafield ind1=" " ind2=" " tag="260">
    <subfield code="6">880-04</subfield>
    <subfield code="a">Qum :</subfield>
    <subfield code="b">Dār al-Kitāb al-Islāmī,</subfield>
    <subfield code="c">1408-1409 [1987 or 1988-1988 or 1989]</subfield>
  </datafield>
  <datafield ind1=" " ind2=" " tag="300">
    <subfield code="a">2 v. ;</subfield>
    <subfield code="c">25 cm.</subfield>
  </datafield>
  <datafield ind1=" " ind2=" " tag="504">
    <subfield code="a">Includes bibliographical references.</subfield>
  </datafield>
  <datafield ind1=" " ind2="0" tag="650">
    <subfield code="a">Contracts (Islamic law)</subfield>
    <subfield code="0">http://id.loc.gov/authorities/subjects/sh85031640</subfield>
  </datafield>
  <datafield ind1=" " ind2="0" tag="650">
    <subfield code="a">Shīʻah.</subfield>
    <subfield code="0">http://id.loc.gov/authorities/subjects/sh85121390</subfield>
  </datafield>
  <datafield ind1="1" ind2=" " tag="880">
    <subfield code="6">100-01/r</subfield>
    <subfield code="a">شاهرودي، علي الحسيني.</subfield>
  </datafield>
  <datafield ind1="1" ind2="0" tag="880">
    <subfield code="6">245-02/r</subfield>
    <subfield code="a">محاضرات في الفقه الجعفري :</subfield>
    <subfield code="b">المكاسب المحرمة : تقريرن لابحاث ... ابو القاسم الخوئي /</subfield>
    <subfield code="c">بقلم علي الحسيني الشاهرودي.</subfield>
  </datafield>
  <datafield ind1=" " ind2=" " tag="880">
    <subfield code="6">250-03/r</subfield>
    <subfield code="a">الطبعة 1.</subfield>
  </datafield>
  <datafield ind1=" " ind2=" " tag="880">
    <subfield code="6">260-04/r</subfield>
    <subfield code="a">قم :</subfield>
    <subfield code="b">دار الكتاب الاسلامي،</subfield>
    <subfield code="c">1408-1409 [1987 or 1988-1988 or 1989]</subfield>
  </datafield>
  <datafield ind1=" " ind2=" " tag="998">
    <subfield code="a">06/03/94</subfield>
    <subfield code="s">9114</subfield>
    <subfield code="n">NjP</subfield>
    <subfield code="w">DCLN93B1103</subfield>
    <subfield code="d">06/03/94</subfield>
    <subfield code="c">KC</subfield>
    <subfield code="b">KC</subfield>
    <subfield code="i">940603</subfield>
    <subfield code="l">NJPG</subfield>
  </datafield>
  <datafield ind1=" " ind2=" " tag="911">
    <subfield code="a">19940612</subfield>
  </datafield>
  <datafield ind1=" " ind2=" " tag="912">
    <subfield code="a">19940603000000.0</subfield>
  </datafield>
  <datafield ind1=" " ind2=" " tag="994">
    <subfield code="a">C0</subfield>
    <subfield code="b">PUL</subfield>
  </datafield>
  <datafield ind1=" " ind2=" " tag="999">
    <subfield code="a">890206</subfield>
  </datafield>
  <datafield ind1="8" ind2="0" tag="852">
    <subfield code="0">1017955</subfield>
    <subfield code="b">nec</subfield>
    <subfield code="t">1</subfield>
    <subfield code="h">KBL</subfield>
    <subfield code="i">.S5243 1987</subfield>
  </datafield>
  <datafield ind1=" " ind2=" " tag="959">
    <subfield code="a">2000-06-13 00:00:00 -0500</subfield>
  </datafield>
</record>
